<?xml version="1.0" encoding="UTF-8"?><collection xmlns="http://www.loc.gov/MARC21/slim"><record><leader>00564nam--2200181-i-4500</leader><controlfield tag="001">000042541</controlfield><controlfield tag="002">20161230</controlfield><controlfield tag="005">20161230201043</controlfield><controlfield tag="008">060222s1000------------r-----000-0-eng-d</controlfield><datafield ind1=" " ind2=" " tag="040"><subfield code="a">IFIN-HH</subfield></datafield><datafield ind1=" " ind2=" " tag="080"><subfield code="a">519.216</subfield></datafield><datafield ind1="1" ind2=" " tag="100"><subfield code="a">Gardiner, C.W</subfield></datafield><datafield ind1="1" ind2="0" tag="245"><subfield code="a">Springer series in synergetics. vol. 13. handbook of stochastic methods for physics, chemistry and the natural sciences</subfield><subfield code="c">C.w. gardiner</subfield></datafield><datafield ind1=" " ind2=" " tag="260"><subfield code="a">Berlin</subfield><subfield code="b">Springer-verlag</subfield><subfield code="c">1983</subfield></datafield><datafield ind1=" " ind2=" " tag="300"><subfield code="a">XIX+442P</subfield></datafield><datafield ind1=" " ind2=" " tag="490"><subfield code="a">Springer Series In Synergetics, 13</subfield></datafield><datafield ind1=" " ind2=" " tag="852"><subfield code="a">47885</subfield><subfield code="c">53</subfield></datafield><datafield ind1=" " ind2=" " tag="CAT"><subfield code="a">Sys</subfield><subfield code="c">20150326</subfield><subfield code="h">130626</subfield></datafield></record></collection>